<?xml version="1.0" encoding="UTF-8"?><collection xmlns="http://www.loc.gov/MARC21/slim"><record><leader>00594nam--2200193-u-4500</leader><controlfield tag="001">000056885</controlfield><controlfield tag="002">20200911</controlfield><controlfield tag="005">20200911041202</controlfield><controlfield tag="008">200911s1000------------r-----000-0-eng-d</controlfield><datafield ind1=" " ind2=" " tag="040"><subfield code="a">IFIN-HH</subfield></datafield><datafield ind1=" " ind2=" " tag="041"><subfield code="a">eng</subfield></datafield><datafield ind1="1" ind2=" " tag="100"><subfield code="a">Mueller, A.C</subfield></datafield><datafield ind1="1" ind2="0" tag="245"><subfield code="a">Proceedings of the International Workshop of the New Applications of Nuclear Fission</subfield><subfield code="c">A.C. Mueller; M. Mirea; L. Tassan-Got (Eds.)</subfield></datafield><datafield ind1=" " ind2=" " tag="260"><subfield code="a">New Jersey</subfield><subfield code="b">World Scientific</subfield><subfield code="c">2004</subfield></datafield><datafield ind1=" " ind2=" " tag="300"><subfield code="a">XIII+204 p</subfield></datafield><datafield ind1=" " ind2=" " tag="500"><subfield code="a">Donatie Acad. Nicolae Victor Zamfir</subfield></datafield><datafield ind1="1" ind2=" " tag="700"><subfield code="a">Tassan-got, L</subfield></datafield><datafield ind1=" " ind2=" " tag="852"><subfield code="a">82824</subfield><subfield code="c">NVZ</subfield></datafield><datafield ind1=" " ind2=" " tag="CAT"><subfield code="a">SYS</subfield><subfield code="c">20200911</subfield><subfield code="h">041202</subfield></datafield></record></collection>